@inproceedings{mdgan,
   title={MD-GAN: Multi-Discriminator Generative Adversarial Networks for Distributed Datasets},
   url={http://dx.doi.org/10.1109/IPDPS.2019.00095},
   DOI={10.1109/ipdps.2019.00095},
   booktitle={2019 IEEE International Parallel and Distributed Processing Symposium (IPDPS)},
   publisher={IEEE},
   author={Hardy, Corentin and Le Merrer, Erwan and Sericola, Bruno},
   year={2019},
   month=may
}

@misc{fedgan,
      title={FedGAN: Federated Generative Adversarial Networks for Distributed Data}, 
      author={Mohammad Rasouli and Tao Sun and Ram Rajagopal},
      year={2020},
      eprint={2006.07228},
      archivePrefix={arXiv},
      primaryClass={cs.LG}
}

@misc{is,
      title={Improved Techniques for Training GANs}, 
      author={Tim Salimans and Ian Goodfellow and Wojciech Zaremba and Vicki Cheung and Alec Radford and Xi Chen},
      year={2016},
      eprint={1606.03498},
      archivePrefix={arXiv},
      primaryClass={cs.LG}
}

@misc{fid,
      title={GANs Trained by a Two Time-Scale Update Rule Converge to a Local Nash Equilibrium}, 
      author={Martin Heusel and Hubert Ramsauer and Thomas Unterthiner and Bernhard Nessler and Sepp Hochreiter},
      year={2018},
      eprint={1706.08500},
      archivePrefix={arXiv},
      primaryClass={cs.LG}
}

@misc{goodfellow2014generative,
      title={Generative Adversarial Networks}, 
      author={Ian J. Goodfellow and Jean Pouget-Abadie and Mehdi Mirza and Bing Xu and David Warde-Farley and Sherjil Ozair and Aaron Courville and Yoshua Bengio},
      year={2014},
      eprint={1406.2661},
      archivePrefix={arXiv},
      primaryClass={stat.ML}
}

@inproceedings{celeba,
  title = {Deep Learning Face Attributes in the Wild},
  author = {Liu, Ziwei and Luo, Ping and Wang, Xiaogang and Tang, Xiaoou},
  booktitle = {Proceedings of International Conference on Computer Vision (ICCV)},
  month = {December},
  year = {2015} 
}

@misc{tensordict,
      title={TorchRL: A data-driven decision-making library for PyTorch}, 
      author={Albert Bou and Matteo Bettini and Sebastian Dittert and Vikash Kumar and Shagun Sodhani and Xiaomeng Yang and Gianni De Fabritiis and Vincent Moens},
      year={2023},
      eprint={2306.00577},
      archivePrefix={arXiv},
      primaryClass={cs.LG}
}

@article{cifar,
title= {CIFAR-10 (Canadian Institute for Advanced Research)},
journal= {},
author= {Alex Krizhevsky and Vinod Nair and Geoffrey Hinton},
year= {2009},
url= {http://www.cs.toronto.edu/~kriz/cifar.html},
abstract= {The CIFAR-10 dataset consists of 60000 32x32 colour images in 10 classes, with 6000 images per class. There are 50000 training images and 10000 test images. 

The dataset is divided into five training batches and one test batch, each with 10000 images. The test batch contains exactly 1000 randomly-selected images from each class. The training batches contain the remaining images in random order, but some training batches may contain more images from one class than another. Between them, the training batches contain exactly 5000 images from each class. },
keywords= {Dataset},
terms= {}
}

@article{mnist,
  title={MNIST handwritten digit database},
  author={LeCun, Yann and Cortes, Corinna and Burges, CJ},
  journal={ATT Labs [Online]. Available: http://yann.lecun.com/exdb/mnist},
  volume={2},
  year={2010}
}

@book{james2023introduction,
  title={An Introduction to Statistical Learning: With Applications in Python},
  author={James, G. and Witten, D. and Hastie, T. and Tibshirani, R. and Taylor, J.},
  isbn={9783031387487},
  url={https://books.google.ch/books?id=0Zcv0AEACAAJ},
  year={2023},
  publisher={Springer International Publishing}
}

@misc{goodfellow2015explaining,
      title={Explaining and Harnessing Adversarial Examples}, 
      author={Ian J. Goodfellow and Jonathon Shlens and Christian Szegedy},
      year={2015},
      eprint={1412.6572},
      archivePrefix={arXiv},
      primaryClass={stat.ML}
}

@misc{kurakin2017adversarial,
      title={Adversarial examples in the physical world}, 
      author={Alexey Kurakin and Ian Goodfellow and Samy Bengio},
      year={2017},
      eprint={1607.02533},
      archivePrefix={arXiv},
      primaryClass={cs.CV}
}

@misc{szegedy2014intriguing,
      title={Intriguing properties of neural networks}, 
      author={Christian Szegedy and Wojciech Zaremba and Ilya Sutskever and Joan Bruna and Dumitru Erhan and Ian Goodfellow and Rob Fergus},
      year={2014},
      eprint={1312.6199},
      archivePrefix={arXiv},
      primaryClass={cs.CV}
}

@misc{moosavidezfooli2016deepfool,
      title={DeepFool: a simple and accurate method to fool deep neural networks}, 
      author={Seyed-Mohsen Moosavi-Dezfooli and Alhussein Fawzi and Pascal Frossard},
      year={2016},
      eprint={1511.04599},
      archivePrefix={arXiv},
      primaryClass={cs.LG}
}

@misc{papernot2015limitations,
      title={The Limitations of Deep Learning in Adversarial Settings}, 
      author={Nicolas Papernot and Patrick McDaniel and Somesh Jha and Matt Fredrikson and Z. Berkay Celik and Ananthram Swami},
      year={2015},
      eprint={1511.07528},
      archivePrefix={arXiv},
      primaryClass={cs.CR}
}

@misc{chen2018ead,
      title={EAD: Elastic-Net Attacks to Deep Neural Networks via Adversarial Examples}, 
      author={Pin-Yu Chen and Yash Sharma and Huan Zhang and Jinfeng Yi and Cho-Jui Hsieh},
      year={2018},
      eprint={1709.04114},
      archivePrefix={arXiv},
      primaryClass={stat.ML}
}

@misc{xiao2018spatially,
      title={Spatially Transformed Adversarial Examples}, 
      author={Chaowei Xiao and Jun-Yan Zhu and Bo Li and Warren He and Mingyan Liu and Dawn Song},
      year={2018},
      eprint={1801.02612},
      archivePrefix={arXiv},
      primaryClass={cs.CR}
}

@article{Su_2019,
   title={One Pixel Attack for Fooling Deep Neural Networks},
   volume={23},
   ISSN={1941-0026},
   url={http://dx.doi.org/10.1109/TEVC.2019.2890858},
   DOI={10.1109/tevc.2019.2890858},
   number={5},
   journal={IEEE Transactions on Evolutionary Computation},
   publisher={Institute of Electrical and Electronics Engineers (IEEE)},
   author={Su, Jiawei and Vargas, Danilo Vasconcellos and Sakurai, Kouichi},
   year={2019},
   month=oct, pages={828–841}
}

@misc{chen2022rethinking,
      title={Rethinking the Defense Against Free-rider Attack From the Perspective of Model Weight Evolving Frequency}, 
      author={Jinyin Chen and Mingjun Li and Tao Liu and Haibin Zheng and Yao Cheng and Changting Lin},
      year={2022},
      eprint={2206.05406},
      archivePrefix={arXiv},
      primaryClass={cs.LG}
}

@misc{fraboni2021freerider,
      title={Free-rider Attacks on Model Aggregation in Federated Learning}, 
      author={Yann Fraboni and Richard Vidal and Marco Lorenzi},
      year={2021},
      eprint={2006.11901},
      archivePrefix={arXiv},
      primaryClass={cs.LG}
}

@misc{wang2020sapag,
      title={SAPAG: A Self-Adaptive Privacy Attack From Gradients}, 
      author={Yijue Wang and Jieren Deng and Dan Guo and Chenghong Wang and Xianrui Meng and Hang Liu and Caiwen Ding and Sanguthevar Rajasekaran},
      year={2020},
      eprint={2009.06228},
      archivePrefix={arXiv},
      primaryClass={cs.LG}
}

@INPROCEEDINGS{9996844,
  author={Xu, Jin and Hong, Chi and Huang, Jiyue and Chen, Lydia Y. and Decouchant, Jérémie},
  booktitle={2022 41st International Symposium on Reliable Distributed Systems (SRDS)}, 
  title={AGIC: Approximate Gradient Inversion Attack on Federated Learning}, 
  year={2022},
  volume={},
  number={},
  pages={12-22},
  keywords={Training;PSNR;Federated learning;Computational modeling;Aggregates;Data models;Servers;reconstruction attack;federated learning;federated averaging},
  doi={10.1109/SRDS55811.2022.00012}}

@misc{huang2021evaluating,
  title={Evaluating Gradient Inversion Attacks and Defenses in Federated Learning}, 
  author={Yangsibo Huang and Samyak Gupta and Zhao Song and Kai Li and Sanjeev Arora},
  year={2021},
  eprint={2112.00059},
  archivePrefix={arXiv},
  primaryClass={cs.CR}
}

@article{Kahng_2019,
   title={GAN Lab: Understanding Complex Deep Generative Models using Interactive Visual Experimentation},
   volume={25},
   ISSN={2160-9306},
   url={http://dx.doi.org/10.1109/TVCG.2018.2864500},
   DOI={10.1109/tvcg.2018.2864500},
   number={1},
   journal={IEEE Transactions on Visualization and Computer Graphics},
   publisher={Institute of Electrical and Electronics Engineers (IEEE)},
   author={Kahng, Minsuk and Thorat, Nikhil and Chau, Duen Horng Polo and Viegas, Fernanda B. and Wattenberg, Martin},
   year={2019},
   month=jan, pages={310–320} }

@misc{brock2019large,
      title={Large Scale GAN Training for High Fidelity Natural Image Synthesis}, 
      author={Andrew Brock and Jeff Donahue and Karen Simonyan},
      year={2019},
      eprint={1809.11096},
      archivePrefix={arXiv},
      primaryClass={cs.LG}
}

@article{Winter2018,
  title={Learning Continuous and Data-Driven Molecular Descriptors by Translating Equivalent Chemical Representations},
  author={Winter, Robin and Montanari, Floriane and No{\'e}, Frank and Clevert, Djork-Arn{\'e}},
  journal={ChemRxiv},
  year={2018},
  doi={10.26434/chemrxiv.6871628.v1},
  note={This content is a preprint and has not been peer-reviewed}
}
